<record xmlns="http://www.loc.gov/MARC21/slim" xmlns:xsi="http://www.w3.org/2001/XMLSchema-instance" xsi:schemaLocation="http://www.loc.gov/MARC21/slim http://www.loc.gov/standards/marcxml/schema/MARC21slim.xsd"><leader>01328cz   2200301n  4500</leader><controlfield tag="001">oca00535963 </controlfield><controlfield tag="003">OCoLC</controlfield><controlfield tag="005">20051019123918.0</controlfield><controlfield tag="008">801231n| acannaab           |a aaa      </controlfield><datafield ind1=" " ind2=" " tag="010"><subfield code="a">n  80156035 </subfield><subfield code="z">n 2005019320</subfield></datafield><datafield ind1=" " ind2=" " tag="040"><subfield code="a">DLC</subfield><subfield code="c">DLC</subfield><subfield code="d">MH</subfield><subfield code="d">NjP</subfield><subfield code="d">DLC</subfield></datafield><datafield ind1=" " ind2="0" tag="053"><subfield code="a">PA8360.L58</subfield></datafield><datafield ind1="0" ind2=" " tag="100"><subfield code="a">Liudprand,</subfield><subfield code="c">Bishop of Cremona,</subfield><subfield code="d">d. ca. 972</subfield></datafield><datafield ind1="0" ind2=" " tag="400"><subfield code="w">nnaa</subfield><subfield code="a">Liudprandus,</subfield><subfield code="c">Bp. of Cremona,</subfield><subfield code="d">d. ca. 972</subfield></datafield><datafield ind1="0" ind2=" " tag="400"><subfield code="a">Luitprandus,</subfield><subfield code="c">Bishop of Cremona,</subfield><subfield code="d">d. ca. 972</subfield></datafield><datafield ind1="0" ind2=" " tag="400"><subfield code="a">Liutprand,</subfield><subfield code="c">Bishop of Cremona,</subfield><subfield code="d">d. ca. 972</subfield></datafield><datafield ind1="0" ind2=" " tag="400"><subfield code="a">Liudprandus,</subfield><subfield code="c">Bishop of Cremona,</subfield><subfield code="d">d. ca. 972</subfield></datafield><datafield ind1="0" ind2=" " tag="400"><subfield code="a">Liudprand,</subfield><subfield code="c">von Cremona,</subfield><subfield code="d">d. ca. 972</subfield></datafield><datafield ind1="0" ind2=" " tag="400"><subfield code="a">Liudprand,</subfield><subfield code="c">of Cremona,</subfield><subfield code="d">d. ca. 972</subfield></datafield><datafield ind1="0" ind2=" " tag="400"><subfield code="a">Liutprando,</subfield><subfield code="c">da Cremona,</subfield><subfield code="d">d. ca. 972</subfield></datafield><datafield ind1="0" ind2=" " tag="400"><subfield code="a">Liutprando,</subfield><subfield code="c">di Cremona,</subfield><subfield code="d">d. ca. 972</subfield></datafield><datafield ind1="0" ind2=" " tag="400"><subfield code="a">Liutprando,</subfield><subfield code="c">de Cremona,</subfield><subfield code="d">d. ca. 972</subfield></datafield><datafield ind1="0" ind2=" " tag="400"><subfield code="a">Liudprandus,</subfield><subfield code="c">Cremonensis,</subfield><subfield code="d">d. ca. 972</subfield></datafield><datafield ind1=" " ind2=" " tag="670"><subfield code="a">Rentschler, M. Liudprand von Cremona, c1981 (subj.)</subfield><subfield code="b">t.p. (Liudprand von Cremona)</subfield></datafield><datafield ind1=" " ind2=" " tag="670"><subfield code="a">Sutherland, J.N. Liudprand of Cremona ... 1988:</subfield><subfield code="b">t.p. (Liudprand of Cremona) p. v (Liutprando da Cremona)</subfield></datafield><datafield ind1=" " ind2=" " tag="670"><subfield code="a">Liutprando di Cremona e il codice di Frisinga ... 1994.</subfield></datafield><datafield ind1=" " ind2=" " tag="670"><subfield code="a">Informe de la embajada a Constantinopla, c1994:</subfield><subfield code="b">t.p. (Liutprando de Cremona)</subfield></datafield><datafield ind1=" " ind2=" " tag="670"><subfield code="a">Liudprandus Cremonensis opera omnia, 2001.</subfield></datafield></record>